@electronic{MNISTcreators,
author = "Yann LeCun and Corinna Cortes and Christopher J.C. Burges",
title = "MNIST handwritten digit database, Yann LeCun, Corinna Cortes and Chris Burges",
url = "http://yann.lecun.com/exdb/mnist/",
}

@misc{ wiki:MNIST,
	author = "Wikipedia contributors",
	title = "MNIST database --- Wikipedia{,} The Free Encyclopedia",
	year = "2018",
	url = "https://en.wikipedia.org/w/index.php?title=MNIST_database&oldid=829836442",
	note = "[Online; accessed 16-March-2018]"
}