@electronic{MNISTcreators,
author = "Yann LeCun and Corinna Cortes and Christopher J.C. Burges",
title = "MNIST handwritten digit database, Yann LeCun, Corinna Cortes and Chris Burges",
url = "http://yann.lecun.com/exdb/mnist/",
}

@misc{ wiki:MNIST,
	author = "Wikipedia contributors",
	title = "MNIST database --- Wikipedia{,} The Free Encyclopedia",
	year = "2018",
	url = "https://en.wikipedia.org/w/index.php?title=MNIST_database&oldid=829836442",
	note = "[Online; accessed 16-March-2018]"
}

@Book{Sonka93a,
	Title                    = {Image Processing, Analysis and Machine Vision},
	Author                   = {M. Sonka and V. Hlavac and R. Boyle},
	Keywords                 = {DIGITAL IMAGE PROCESSING},
	Publisher                = {Chapman \& Hall},
	Year                     = {1993},
}

@book{pitas2000digital,
  title={Digital image processing algorithms and applications},
  author={Pitas, Ioannis},
  year={2000},
  publisher={John Wiley \& Sons}
}

@book{bovik2009essential,
  title={The essential guide to image processing},
  author={Bovik, Alan C},
  year={2009},
  publisher={Academic Press}
}